
@misc{neely_2023_interest,
  author = {Neely, Christopher J.  and Neely ,  Michelle Clark },
  month = {05},
  title = {Interest Rate Risk and Bank Runs},
  url = {https://www.stlouisfed.org/publications/regional-economist/2023/may/interest-rate-risk-bank-runs},
  urldate = {2023-05-16},
  year = {2023},
  organization = {www.stlouisfed.org}
}

@misc{federalreserve_2023_implementation,
  author = {Federal Reserve},
  month = {03},
  title = {Implementation Note issued March 22, 2023},
  url = {https://www.federalreserve.gov/newsevents/pressreleases/monetary20230322a1.htm},
  year = {2023},
  organization = {Board of Governors of the Federal Reserve System}
}

@misc{federaldepositinsurancecorporation_fdic,
  author = {Federal Deposit Insurance Corporation},
  title = {FDIC: Failed Bank Information for Silicon Valley Bank, Santa Clara, CA},
  url = {https://www.fdic.gov/resources/resolutions/bank-failures/failed-bank-list/silicon-valley.html},
  organization = {www.fdic.gov}
}

@misc{evenshvinden_2022_sok1004_c3_h22_lsningsforslag_gruppenivaqmd,
  author = {Even S. Hvinden},
  title = {SOK1004_C3_H22_løsningsforslag_gruppenivå.qmd },
  url = {https://github.com/uit-sok-1004-h22/uit-sok-1004-h22.github.io/blob/main/l%C3%B8sningsforslag/SOK1004_C3_H22_l%C3%B8sningsforslag_gruppeniva%CC%8A.qmd},
  urldate = {2023-05-14},
  year = {2022},
  organization = {GitHub}
}

@book{steinarholden_2016_makrokonomi,
  author = {Steinar Holden},
  publisher = {Oslo] Cappelen Damm Akademisk},
  title = {Makroøkonomi},
  year = {2016}
}