@misc{kjelsrud_2013_forelesning,
  author = {Kjelsrud, Anders Gr√∏n},
  month = {09},
  publisher = {Universitetet i Oslo},
  title = {Forelesning # 6 i ECON 1310},
  url = {https://www.uio.no/studier/emner/sv/oekonomi/ECON1310/h13/Forelesningsnotater/forelesning-6_.pdf},
  urldate = {2023-11-02},
  year = {2013},
  organization = {uio.no/}
}



@book{titoboeri_2021_the,
  author = {Tito Boeri and Ours, Van},
  edition = {3rd Edition},
  month = {01},
  publisher = {Princeton University Press},
  title = {The economics of imperfect labor markets},
  urldate = {2023-09-21},
  volume = {VitalSource Bookshelf version},
  year = {2021}
}