
@book{pepall_2014_industrial,
  author = {Pepall, Lynne and Daniel Jay Richards and Norman, George},
  publisher = {Wiley},
  title = {Industrial organization : contemporary theory and empirical applications},
  year = {2014}
}




@misc{michalsen_2024_naeringskonomi2,
  author = {Michalsen, Anita},
  month = {01},
  title = {Naeringsøkonomi og konkurransestrategi},
  url = {https://uit-sok-2030-v24.github.io/Forelesning%202%20-%20grunnleggende%20mikr%C3%B8konomi.pdf},
  urldate = {2024-02-26},
  year = {2024}
}

@misc{michalsen_2024_naeringskonomi3,
  author = {Michalsen, Anita},
  month = {01},
  title = {• Lineaer prising og tredje grads prisdiskriminering • Velferdseffekter},
  url = {https://uit-sok-2030-v24.github.io/Forelesning%203%20-%20monopol%20og%20prisdiskriminering.pdf},
  urldate = {2024-02-26},
  year = {2024}
}


@misc{michalsen_2024_naeringskonomi4,
  author = {Michalsen, Anita},
  month = {01},
  title = {Naeringsøkonomi og konkurransestrategi},
  url = {https://uit-sok-2030-v24.github.io/Forelesning%204%20-%20monopol%20og%20prisdiskriminering.pdf},
  urldate = {2024-02-26},
  year = {2024}
}

@misc{michalsen_2024_naeringskonomi5,
  author = {Michalsen, Anita},
  month = {01},
  title = {Naeringsøkonomi og konkurransestrategi},
  url = {https://uit-sok-2030-v24.github.io/Forelesning%205%20-%20monopol,%20produktvalg%20og%20kvalitet.pdf},
  urldate = {2024-02-26},
  year = {2024}
}


@misc{michalsen_2024_naeringskonomi6,
  author = {Michalsen, Anita},
  month = {02},
  title = {Naeringsøkonomi og konkurransestrategi},
  url = {https://uit-sok-2030-v24.github.io/Forelesning%206%20-%20Kvantumskonkurranse%20og%20Cournot%20modell%20-%20til%20forelesning.pdf},
  urldate = {2024-02-26},
  year = {2024}
}

@misc{kandidatnummer_2023_mappeoppgave,
  author = {Kandidatnummer_3},
  month = {03},
  pages = {8-10},
  title = {Mappeoppgave 1 -Samfunnsøkonomisk analyse av en turistskatt},
  urldate = {2024-03-16},
  year = {2023}
}


@misc{engebretsen_2017_norge,
  author = {Engebretsen, Ida Charlotte Sølvberg},
  month = {11},
  title = {Norge som reisemål: Effekten av inntekt, pris og valutakurs på utenlandsk etterspørsel - En empirisk studie for perioden 1995-2015},
  url = {https://ntnuopen.ntnu.no/ntnu-xmlui/handle/11250/2486498},
  urldate = {2024-03-17},
  year = {2017},
  organization = {ntnuopen.ntnu.no}
}

@misc{mews_strawberry,
  author = {Mews},
  title = {Strawberry customer story | Mews case study},
  url = {https://www.mews.com/en/customers/strawberryhotels},
  urldate = {2024-03-18},
  organization = {www.mews.com}
}

@misc{mews_hotel,
  author = {Mews},
  title = {Hotel Rate Management Software | Mews},
  url = {https://www.mews.com/en/products/hotel-rate-management},
  urldate = {2024-03-18},
  organization = {www.mews.com}
}

@misc{tall,
  title = {Tall og fakta om norsk reiseliv},
  url = {https://www.nhoreiseliv.no/tall-og-fakta/tall-og-fakta-om-norsk-reiseliv/},
  organization = {www.nhoreiseliv.no}
}


@misc{finansdepartementet_2019_nou,
  author = {Finansdepartementet},
  month = {05},
  title = {NOU 2019: 11},
  url = {https://www.regjeringen.no/no/dokumenter/nou-2019-11/id2645213/?ch=7},
  urldate = {2024-03-18},
  year = {2019},
  organization = {Regjeringen.no}
}