
@book{pepall2014,
	title = {Industrial organization: contemporary theory and empirical applications},
	author = {Pepall, Lynne and Richards, Daniel Jay and Norman, George},
	year = {2014},
	date = {2014},
	publisher = {Wiley},
	edition = {Fifth edition},
	address = {Hoboken, NJ}
}
