@misc{standard,
  publisher = {Statistisk sentralbyrå},
  title = {Standard for næringsgruppering (SN)},
  url = {https://www.ssb.no/klass/klassifikasjoner/6},
  urldate = {2023-10-15},
  organization = {www.ssb.no}
}



@book{titoboeri_2021_the,
  author = {Tito Boeri and Ours, Van},
  edition = {3rd Edition},
  month = {01},
  publisher = {Princeton University Press},
  title = {The economics of imperfect labor markets},
  urldate = {2023-09-21},
  volume = {VitalSource Bookshelf version},
  year = {2021}
}