
@book{hess_2016_economic,
  author = {Hess, Peter N},
  month = {05},
  publisher = {Routledge},
  title = {Economic Growth and Sustainable Development},
  year = {2016}
}


@misc{Forelesingsnotat,
  author = {Mannberg, Andrea},
  title = {SOK-2011 v2024: Utfodring 2},
  year = {2023},
  url = {https://uit-sok-2011-v2024.github.io/assets/sok2011_utf2_2024.html},
  note = {Accessed: 15.02.2024}
}
