@book{hess_2016_economic,
  author = {Hess, Peter N},
  month = {05},
  publisher = {Routledge},
  title = {Economic Growth and Sustainable Development},
  year = {2016}
}


@misc{Forelesingsnotat,
  author = {Mannberg, Andrea},
  title = {SOK-2011 v2024: Utfodring 2},
  year = {2023},
  url = {https://uit-sok-2011-v2024.github.io/assets/sok2011_utf2_2024.html},
  note = {Accessed: 15.02.2024}
}

@Manual{stargazer,
  title = {stargazer: Well-Formatted Regression and Summary Statistics Tables},
  author = {Hlavac, Marek},
  year = {2022},
  note = {R package version 5.2.3},
  organization = {Social Policy Institute},
  address = {Bratislava, Slovakia},
  url = {https://CRAN.R-project.org/package=stargazer},
}

@misc{worldbank,
  title = {DataBank, The World Bank},
  year = {2024},
  url = {https://databank.worldbank.org/home.aspx},
  note = {Accessed: 04.04.2024}
}