
@article{steenbergh_impact_2004,
	title = {Impact of warning and brief intervention messages on knowledge of gambling risk, irrational beliefs and behaviour},
	volume = {4},
	issn = {1445-9795, 1479-4276},
	url = {http://www.tandfonline.com/doi/abs/10.1080/1445979042000224377},
	doi = {10.1080/1445979042000224377},
	language = {en},
	number = {1},
	urldate = {2024-05-06},
	journal = {International Gambling Studies},
	author = {Steenbergh, Timothy A. and Whelan, James P. and Meyers, Andrew W. and May, Ryan K. and Floyd, Kim},
	month = jun,
	year = {2004},
	pages = {3--16},
}

@article{pelletier_effect_2007,
	title = {The effect of knowledge of mathematics on gambling behaviours and erroneous perceptions},
	volume = {42},
	issn = {0020-7594, 1464-066X},
	url = {https://onlinelibrary.wiley.com/doi/10.1080/00207590600788047},
	doi = {10.1080/00207590600788047},
	abstract = {This study evaluates the effect of knowledge of mathematics as a protective factor against excessive gambling behaviours and erroneous beliefs. Two groups with different levels of knowledge of mathematics were compared as to their perceptions and behaviours before and during a gambling session. A total of 60 participants (30 men, 30 women) completed a questionnaire evaluating how they perceive the notion of chance and participated in two experimental tasks: the production of a random sequence of heads/tails, and a gambling session on a video lottery terminal. The results show that participants with knowledge of mathematics held more erroneous perceptions of gambling before the experiment whereas both groups showed an equal number of erroneous perceptions and behaviours during gambling. The importance of knowledge of mathematics as a protective factor against excessive gambling is questionable. The theoretical and practical implications of these results are discussed with regard to the prevention of excessive gambling.
          , 
            Cette étude évalue l'effet des connaissances en mathématiques en tant que facteur de protection contre les comportements de jeu de hasard excessifs et les croyances erronnées. Deux groupes ayant différents niveaux de connaissances des mathématiques ont été comparés quant à leurs perceptions et leurs comportements avant et pendant une session de jeu de hasard. Un total de 60 participants (30 hommes, 30 femmes) ont rempli un questionnaire évaluant comment ils perçoivent la notion de hasard et ont participé à des tâches expérimentales: la production d'une séquence au hasard de pile ou face et une session de loterie vidéo. Les résultats indiquent que les participants ayant des connaissances des mathématiques avaient plus de perceptions erronées du jeu de hasard avant l'expérimentation, tandis que les deux groupes ont indiqué un nombre égal de perceptions erronées et de comportements durant le jeu de hasard. L'importance des connaissances des mathématiques en tant que facteur de protection contre le jeu de hasard excessif est questionnable. Les implications théoriques et pratiques de ces résultats sont discutées en ce qui a trait à la prévention du jeu excessif.
          , 
            Este estudio evalúa el efecto del conocimiento de las matemáticas como un factor protector contra las conductas de juego de apuesta excesivo y creencias erróneas. Se realizó una comparación entre dos grupos con diferentes niveles de conocimiento de las matemáticas respecto a sus percepciones y sus conductas antes, y durante la sesión de juego. Un total de 60 participantes (30 hombres, 30 mujeres) respondieron al cuestionario que evaluaba cómo percibían la noción de suerte y participaban en dos tareas experimentales: la producción de una secuencia al azar de cara/cruz y una sesión de juego en una terminal de lotería en Video. Los resultados muestran que los participantes con conocimiento de las matemáticas mantenían más percepciones erróneas del juego de azar antes del experimento, en tanto que ambos grupos mostraron un número igual de percepciones y conductas erróneas durante el juego. Es cuestionable la importancia del conocimiento de las matemáticas como factor protector contra el juego excesivo. Se discuten las implicaciones teóricas y prácticas de estos resultados con respecto a la prevención del juego excesivo.},
	language = {en},
	number = {2},
	urldate = {2024-05-06},
	journal = {International Journal of Psychology},
	author = {Pelletier, Marie‐France and Ladouceur, Robert},
	month = apr,
	year = {2007},
	pages = {134--140},
}

@article{newall_statistical_2023,
	title = {Statistical risk warnings in gambling},
	volume = {7},
	issn = {2398-063X, 2398-0648},
	url = {https://www.cambridge.org/core/journals/behavioural-public-policy/article/abs/statistical-risk-warnings-in-gambling/322E863AABC385F001D854B4D9A23FE0},
	doi = {10.1017/bpp.2020.59},
	abstract = {Gambling is considered a public health issue by many researchers, similarly to alcohol or obesity. Statistical risk warnings on gambling products can be considered a public health intervention that encourages safer gambling while preserving freedom of consumer choice. Statistical risk warnings may be useful to gamblers, given that net gambling losses are the primary driver of harm and that gambling products vary greatly in the degree to which they facilitate losses. However, there is some doubt as to whether statistical risk warnings are, in their current form, effective at reducing gambling harm. Here, we consider current applications and evidence, discuss product-specific issues around a range of gambling products and suggest future directions. Our primary recommendation is that current statistical risk warnings can be improved and also applied to a wider range of gambling products. Such an approach should help consumers to make more informed judgements and potentially encourage gambling operators to compete more directly on the relative ‘price’ of gambling products.},
	language = {en},
	number = {2},
	urldate = {2024-05-06},
	journal = {Behavioural Public Policy},
	author = {Newall, Philip W. S. and Walasek, Lukasz and Hassanniakalager, Arman and Russell, Alex M. T. and Ludvig, Elliot A. and Browne, Matthew},
	month = apr,
	year = {2023},
	pages = {219--239},
}

@article{schoemaker_role_1979,
	title = {The role of statistical knowledge in gambling decisions: {Moment} vs risk dimension approaches},
	volume = {24},
	issn = {0030-5073},
	shorttitle = {The role of statistical knowledge in gambling decisions},
	url = {https://www.sciencedirect.com/science/article/pii/0030507379900114},
	doi = {10.1016/0030-5073(79)90011-4},
	abstract = {This study examines whether statistically trained and untrained subjects differ in their strategies for risk assessment and if so, in what ways they differ, and whether these differences can be understood from an information processing perspective. Recent research on decision making under risk has focused on the moment vs risk dimension approach. Experimental evidence exists for either model even though they are theoretically incompatible, one being multiplicative, the other additive. This study suggests that the conflicting findings of previous studies can be partly explained by controlling for the confounding effects of statistical training. It is suggested that statistical knowledge (1) reduces the cognitive complexity of assessing duplex bets, (2) improves the quality of risk-assessment, and (3) increases the propensity that subjects will follow a moment model. The findings were corroborated by regression analyses, although note was made of the methodological difficulties inherent in this approach.},
	number = {1},
	urldate = {2024-05-06},
	journal = {Organizational Behavior and Human Performance},
	author = {Schoemaker, Paul J. H.},
	month = aug,
	year = {1979},
	pages = {1--17},
}

@article{williams_does_2006,
	title = {Does learning about the mathematics of gambling change gambling behavior?},
	volume = {20},
	issn = {1939-1501},
	doi = {10.1037/0893-164X.20.1.62},
	abstract = {The present research examined the influence of improved knowledge of odds and mathematical expectation on the gambling behavior of university students. A group of 198 students in an introductory statistics class received instruction on probability theory using examples from gambling. A comparison group of 134 students received generic instruction on probability, and another group of 138 students in classes on unrelated topics received no mathematical instruction. Students receiving the intervention demonstrated superior ability to calculate gambling odds as well as resistance to gambling fallacies 6 months after the intervention. Unexpectedly, this improvement in knowledge and skill was not associated with any decreases in actual gambling behavior. The implication of this research is that enhanced mathematical knowledge on its own may be insufficient to change gambling behavior. (PsycINFO Database Record (c) 2019 APA, all rights reserved)},
	number = {1},
	journal = {Psychology of Addictive Behaviors},
	author = {Williams, Robert J. and Connolly, Dennis},
	year = {2006},
	keywords = {College Students, Expectations, Gambling, Mathematics Education, Probability Judgment, Higher Education, Knowledge Level, Mathematical Ability, Probability, Gambling Disorder},
	pages = {62--68},
}


@misc{noauthor_pre-analysis_nodate,
	title = {A pre-analysis plan checklist},
	url = {https://blogs.worldbank.org/en/impactevaluations/a-pre-analysis-plan-checklist},
	abstract = {A pre-analysis plan is a step-by-step plan setting out how a researcher will analyze data which is written in advance of them seeing this data (and ideally before collecting it in cases where the researcher is collecting the data). They are recently starting to become popular in the context of ...},
	language = {en},
	urldate = {2024-05-11},
	journal = {World Bank Blogs},
}
