@misc{kirkerud_2023_energiomstillingen,
  author = {Kirkerud, Jon and Buvik, Magnus and Holm, Ingrid and Spilde, Dag and Sørbye, Maria and Skaansar, Ellen and Kvandal, Hege and Birkelund, Henriette and Skulstad, Hanna and Petrusson, Lars and Fjaer, Kyrre and Darras, Céline},
  title = {Energiomstillingen -en balansegang},
  url = {https://publikasjoner.nve.no/rapport/2023/rapport2023_25.pdf},
  year = {2023}
}

@misc{holstad_2023_rekordhy,
  author = {Holstad, Magne},
  month = {02},
  title = {Rekordhøy strømpris i 2022 – dempet av strømstøtte},
  url = {https://www.ssb.no/energi-og-industri/energi/statistikk/elektrisitetspriser/artikler/rekordhoy-strompris-i-2022--dempet-av-stromstotte},
  year = {2023},
  organization = {SSB}
}

@misc{a2024_statsrden,
  month = {03},
  title = {Statsråden},
  url = {https://www.stortinget.no/globalassets/pdf/dokumentserien/2023-2024/dok15-202324-1559-vedlegg.pdf},
  urldate = {2024-12-08},
  year = {2024}
}


@article{waage2020,
	title = {Is the full electrification of oil and gas offshore fields with renewable energy feasible in order to eliminate all gas turbines from Norwegian Continental Shelf?},
	author = {Waage, Shinya Inui},
	year = {2020},
	date = {2020},
	journal = {Unit.no},
	doi = {https://hdl.handle.net/11250/2723297},
	url = {https://uis.brage.unit.no/uis-xmlui/handle/11250/2723297},
	note = {Publisher: University of Stavanger, Norway}
}


@misc{ystese_2023_disse,
  author = {Øystese, Kirsten Å},
  month = {10},
  title = {Disse feltene får kraft fra land innen 2030 – Energi og Klima},
  url = {https://www.energiogklima.no/nyhet/disse-feltene-far-kraft-fra-land-innen-2030},
  year = {2023},
  organization = {energiogklima.no}
}

@misc{nyhus_2024_s,
  author = {Nyhus, Håvard},
  month = {09},
  title = {Så langt har elektrifiseringa av sokkelen komme},
  url = {https://www.nrk.no/vestland/ressursrapport-fra-sokkeldirektoratet_-status-for-elektrifiseringa-av-sokkelen-1.17041134},
  urldate = {2024-12-08},
  year = {2024},
  organization = {NRK}
}

@misc{finansdepartementet_2023_karbonprisbaner,
  author = {Finansdepartementet},
  month = {12},
  title = {Karbonprisbaner for bruk i samfunnsøkonomiske analyser i 2024},
  url = {https://www.regjeringen.no/no/tema/okonomi-og-budsjett/statlig-okonomistyring/karbonprisbaner-for-bruk-i-samfunnsokonomiske-analyser-i-2024/id3020031/},
  year = {2023},
  organization = {Regjeringen.no}
}


@misc{finansdepartementet_2024_meld,
  author = {Finansdepartementet},
  month = {08},
  title = {Meld. St. 31 (2023–2024)},
  url = {https://www.regjeringen.no/no/dokumenter/meld.-st.-31-20232024/id3049290/},
  urldate = {2024-12-08},
  year = {2024},
  organization = {Regjeringen.no}
}



@article{hardysimgen_2019_technoeconomic,
  author = {Hardy Simgen and K. Van Brusselen and Hendrix, Suzanne and Dirk Van Hertem and Hakan Ergun},
  month = {06},
  title = {Techno-Economic Analysis of HVAC, HVDC and OFAC Offshore Wind Power Connections},
  doi = {10.1109/ptc.2019.8810500},
  urldate = {2023-05-02},
  year = {2019},
  journal = {IEEE PowerTech Conference}
}


@misc{a2022_factwebsodirno,
  title = {factweb@sodir.no},
  url = {https://www.sodir.no/om-oss/apne-data/},
  urldate = {2024-12-09},
  year = {2022},
  organization = {Sodir.no}
}


@misc{a2021_vi,
  title = {Vi vil elektrifisere norske plattformer. Ikke med min stikkontakt. Som plattformsjef sitter Torstein tett på arbeidet med elektrifisering av norsk sokkel.},
  url = {https://www.equinor.com/no/om-oss/seb-elektrifisering},
  urldate = {2024-12-09},
  year = {2021},
  organization = {Equinor.com}
}