@book{fujita_1999_the,
  author = {Fujita, Masahisa and Krugman, Paul and Venables, Anthony J.},
  publisher = {The MIT Press},
  title = {The Spatial Economy},
  doi = {10.7551/mitpress/6389.001.0001},
  year = {1999}
}