@misc{fltre_2022_slik,
  author = {Fløtre, Ingvild Alseth and Tuv, Nina},
  month = {03},
  publisher = {Statistisk Sentralbyrå},
  title = {Slik kan lønnsforskjellen mellom kvinner og menn forklares},
  url = {https://www.ssb.no/arbeid-og-lonn/lonn-og-arbeidskraftkostnader/statistikk/lonn/artikler/slik-kan-lonnsforskjellen-mellom-kvinner-og-menn-forklares},
  urldate = {2023-09-22},
  year = {2022},
  organization = {SSB}
}

@misc{hamre_2017_fedrekvoten,
  author = {Hamre, Karin},
  month = {03},
  publisher = {Statistisk sentralbyrå},
  title = {Fedrekvoten – mer populær enn noen gang},
  url = {https://www.ssb.no/befolkning/artikler-og-publikasjoner/fedrekvoten-mer-populaer-enn-noen-gang--298200},
  urldate = {2023-09-19},
  year = {2017},
  organization = {ssb.no}
}


@misc{lien_2019_frre,
  author = {Lien, Håvard},
  month = {03},
  publisher = {Statistisk sentralbyrå},
  title = {Færre arbeider overtid},
  url = {https://www.ssb.no/arbeid-og-lonn/artikler-og-publikasjoner/faerre-arbeider-overtid},
  urldate = {2023-09-16},
  year = {2019},
  organization = {ssb.no}
}

@book{titoboeri_2021_the,
  author = {Tito Boeri and Ours, Van},
  edition = {3rd Edition},
  month = {01},
  publisher = {Princeton University Press},
  title = {The economics of imperfect labor markets},
  urldate = {2023-09-21},
  volume = {VitalSource Bookshelf version},
  year = {2021}
}