@book{kristensen_2019_sannsynlighetsregning,
  author = {Kristensen, Ørjan and Wikan, Arild},
  edition = {2},
  pages = {29},
  publisher = {Fagbokforlaget},
  title = {Sannsynlighetsregning og statistikk - for høyere utdanning},
  year = {2019}
}