@misc{nullvekstml,
  title = {Nullvekstmål},
  url = {https://tenktromso.no/faq/nullvekstmal},
  urldate = {2023-04-27},
  organization = {Tenk Tromsø}
}


@misc{satsingsområder,
  title = {Satsingsområder},
  url = {https://tenktromso.no/dette-er-bypakke-tenk-tromso},
  urldate = {2023-04-27},
  organization = {Tenk Tromsø}
}

@misc{autopass,
  title = {bompengeordningen},
  url = {https://www.autopass.no/no/om-autopass/om-bompengeordningen/},
  urldate = {2023-04-27},
  organization = {AutoPASS}
}



@misc{bompriser,
  title = {Bompriser},
  url = {https://bpsnord.no/bypakke-tenk-tromso/},
  urldate = {2023-04-27},
  organization = {bpsnord}
}


@book{andreassen_2020_innfring,
  author = {Andreassen, Viggo and Thøgersen, Joachim and  Bredesen, Ivar },
  edition = {3rd},
  publisher = {Cappelen Damm Akademisk},
  title = {Innføring i mikroøkonomi },
  year = {2020}
}

@book{thgersen_2016_mikrokonomi,
  author = {Thøgersen, Joachim},
  publisher = {Universitetsforlaget},
  title = {Mikroøkonomi},
  year = {2016}
}

@misc{jansen_2013_konsumfordelingssystemet,
  author = {Jansen, Eilev S and Nygård, Vegard Mokleiv},
  month = {03},
  publisher = {Statistisk sentralbyrå},
  title = {Konsumfordelingssystemet i KVARTS og MODAG},
  url = {https://www.ssb.no/nasjonalregnskap-og-konjunkturer/artikler-og-publikasjoner/konsumfordelingssystemet-i-kvarts-og-modag},
  urldate = {2023-05-28},
  year = {2013},
  organization = {ssb.no}
}

@misc{litman_2019_understanding,
  author = {Litman, Todd},
  publisher = {Victoria Transport Policy Institute},
  title = {Understanding Transport Demands and Elasticities How Prices and Other Factors Affect Travel Behavior},
  url = {https://www.vtpi.org/elasticities.pdf},
  urldate = {2023-05-20},
  year = {2019}
}

@misc{steinsland_2022_konseptvalgutredning,
  author = {Steinsland, Christian and Madslien, Anne  and Johansen, Kjell Werner and Wangsness, Paal B},
  month = {11},
  publisher = {Transportøkonomisk Institutt},
  title = {Konseptvalgutredning veibruksavgift og bompenger, vedlegg 6-3 Transportmodellberegninger 1921/2022},
  url = {https://www.toi.no/getfile.php?mmfileid=74283},
  urldate = {2023-05-12},
  year = {2022},
  organization = {https://www.toi.no/}
}

@misc{jussila_2012_the,
  author = {Jussila, Mira and Tamminen, Saara and Kinnunen, Jouko},
  month = {09},
  title = {The estimation of LES demand elasticities for CGE models},
  url = {https://www.doria.fi/handle/10024/148777},
  urldate = {2023-05-20},
  year = {2012},
  organization = {www.doria.fi}
}

@misc{kandidatnummer_2022_sok1004,
  author = {55 and 122},
  month = {11},
  title = {SOK-1004, høst 2022, Mappeoppgave 2},
  year = {2022}
}

@misc{clark_2023_sok1006,
  author = {Clark, Derek John},
  month = {05},
  title = {SOK-1006 V23 Forelesning 14 (med løsning) - Konsumentatferd},
  url = {https://github.com/uit-sok-1006-v23/sok1006-notater/blob/main/notater%20forelesning%2014%20med%20l%C3%B8sning.ipynb},
  urldate = {2023-05-29},
  year = {2023},
  organization = {Handelshøgskolen ved UiT i Tromsø}
}

@misc{clark_2023_sok1006_f13,
  author = {Clark, Derek John},
  month = {05},
  title = {SOK-1006 V23 Forelesning 13 (med løsning) - Konsumentteori},
  url = {https://github.com/uit-sok-1006-v23/sok1006-notater/blob/main/notater%20forelesning%2013%20med%20l%C3%B8sning.ipynb},
  urldate = {2023-05-28},
  year = {2023},
  organization = {Handelshøgskolen ved UiT i Tromsø}
}


@misc{statistisksentralbyr_12852,
  author = {Statistisk sentralbyrå},
  title = {12852: Kommunefordelt månedslønn, etter bosted, arbeidssted, alder og kjønn (K) 2015 - 2022. Statistikkbanken},
  url = {https://www.ssb.no/statbank/table/12852/},
  urldate = {2023-06-01},
  organization = {SSB}
}

@misc{statistisksentralbyr_12576,
  author = {Statistisk sentralbyrå},
  title = {12576: Kjørelengder, etter eierens bostedsfylke, hovedkjøretøytype og drivstofftype (F) 2005 - 2022. Statistikkbanken},
  url = {https://www.ssb.no/statbank/table/12576/},
  organization = {SSB}
}

@misc{vegard_2018_dette,
  author = {Vegard, Kistine Erstad and Statistisk sentralbyrå},
  month = {10},
  title = {Dette bruker nordmenn penger på},
  url = {https://www.ssb.no/nasjonalregnskap-og-konjunkturer/nasjonalregnskap/artikler/dette-bruker-nordmenn-penger-pa},
  year = {2018},
  organization = {SSB}
}

@misc{handagard_2023_bompengerekord,
  author = {Handagard, Ingunn},
  month = {04},
  publisher = {Norges Automobil-Forbund},
  title = {Bompengerekord: NAF mener bompenger må avskaffes | NAF},
  url = {https://nye.naf.no/politikk-og-samfunn/privatokonomi/alt-om-bompenger},
  urldate = {2023-06-01},
  year = {2023},
  organization = {nye.naf.no}
}